@book{tukey77,
  title = {Exploratory Data Analysis},
  author = {John Tukey},
  publisher = {Addison-Wesley},
  address = {Reading, MA},
  year = {1977},
  note = {ISBN 0-201-07616-0}
}

@book{r4ds,
  title = {R for Data Science},
  author = {Hadley Wickham and Garrett Grolemund},
  publisher = {O'Reilly},
  address = {\url{https://r4ds.had.co.nz}},
  year = {2017},
  note = {ISBN 978-1491910399}
}


@ARTICLE{Chatfield1985,
  title   = "The Initial Examination of Data",
  author  = "Chatfield, C",
  journal = "Journal of the Royal Statistical Society. Series A",
  volume  =  148,
  number  =  3,
  pages   = "214--253",
  year    =  1985
}

@book{bryantsmith1995,
  title = {Practical Data Analysis: Case Studies in Business Statistics},
  author = {Peter G. Bryant and Marlene A. Smith},
  year = 1995,
  publisher = Irwin,
  address = Chicago
}

@book{cookswayne07,Author="Cook, D. and Swayne, D.",
 year=2007,
 note="With contributions from Buja, A., Temple Lang, D., Hofmann, H., Wickham, H. and Lawrence, M. and additional data, R code and demo movies at {\tt http://www.ggobi.org}",
  title="{I}nteractive and {D}ynamic {G}raphics for {D}ata {A}nalysis with examples using {R} and {GG}obi",
  publisher="Springer",
  address="New York"
}

@article{tukey1962,
  title = {The Future of Data Analysis},
  author = {John W. Tukey},
  year = 1962,
  journal = {Annals of Mathematical Statistics},
  volume = 33,
  issue = 1,
  pages = {1-67}
}

@misc{friendly_denis,
  author = {Friendly, M. and Denis, D. J.},
  year = 2001,
  title = {Milestones in the History of Thematic Cartography, Statistical Graphics, and Data Visualization},
  howpublished = {\url{http://www.datavis.ca/milestones/}},
  note = {Accessed: August 12, 2021}
}

