@Manual{R-base,
  title = {R: A Language and Environment for Statistical Computing},
  author = {{R Core Team}},
  organization = {R Foundation for Statistical Computing},
  address = {Vienna, Austria},
  year = {2021},
  url = {https://www.R-project.org/},
}

@Manual{R-bookdown,
  title = {bookdown: Authoring Books and Technical Documents with R Markdown},
  author = {Yihui Xie},
  year = {2021},
  note = {R package version 0.22},
  url = {https://CRAN.R-project.org/package=bookdown},
}

@Manual{R-colorspace,
  title = {colorspace: A Toolbox for Manipulating and Assessing Colors and Palettes},
  author = {Ross Ihaka and Paul Murrell and Kurt Hornik and Jason C. Fisher and Reto Stauffer and Claus O. Wilke and Claire D. McWhite and Achim Zeileis},
  year = {2021},
  note = {R package version 2.0-2},
  url = {https://CRAN.R-project.org/package=colorspace},
}

@Manual{R-knitr,
  title = {knitr: A General-Purpose Package for Dynamic Report Generation in R},
  author = {Yihui Xie},
  year = {2021},
  note = {R package version 1.33},
  url = {https://yihui.org/knitr/},
}

@Manual{R-patchwork,
  title = {patchwork: The Composer of Plots},
  author = {Thomas Lin Pedersen},
  year = {2020},
  note = {R package version 1.1.1},
  url = {https://CRAN.R-project.org/package=patchwork},
}

@Manual{R-rmarkdown,
  title = {rmarkdown: Dynamic Documents for R},
  author = {JJ Allaire and Yihui Xie and Jonathan McPherson and Javier Luraschi and Kevin Ushey and Aron Atkins and Hadley Wickham and Joe Cheng and Winston Chang and Richard Iannone},
  year = {2021},
  note = {https://github.com/rstudio/rmarkdown,
https://pkgs.rstudio.com/rmarkdown/},
}

@Book{bookdown2016,
  title = {bookdown: Authoring Books and Technical Documents with {R} Markdown},
  author = {Yihui Xie},
  publisher = {Chapman and Hall/CRC},
  address = {Boca Raton, Florida},
  year = {2016},
  note = {ISBN 978-1138700109},
  url = {https://bookdown.org/yihui/bookdown},
}

@Article{colorspace2020a,
  title = {{colorspace}: A Toolbox for Manipulating and Assessing Colors and Palettes},
  author = {Achim Zeileis and Jason C. Fisher and Kurt Hornik and Ross Ihaka and Claire D. McWhite and Paul Murrell and Reto Stauffer and Claus O. Wilke},
  journal = {Journal of Statistical Software},
  year = {2020},
  volume = {96},
  number = {1},
  pages = {1--49},
  doi = {10.18637/jss.v096.i01},
}

@Article{colorspace2009a,
  title = {Escaping {RGB}land: Selecting Colors for Statistical Graphics},
  author = {Achim Zeileis and Kurt Hornik and Paul Murrell},
  journal = {Computational Statistics \& Data Analysis},
  year = {2009},
  volume = {53},
  number = {9},
  pages = {3259--3270},
  doi = {10.1016/j.csda.2008.11.033},
}

@Article{colorspace2009b,
  title = {Somewhere over the Rainbow: How to Make Effective Use of Colors in Meteorological Visualizations},
  author = {Reto Stauffer and Georg J. Mayr and Markus Dabernig and Achim Zeileis},
  journal = {Bulletin of the American Meteorological Society},
  year = {2009},
  volume = {96},
  number = {2},
  pages = {203--216},
  doi = {10.1175/BAMS-D-13-00155.1},
}

@Book{knitr2015,
  title = {Dynamic Documents with {R} and knitr},
  author = {Yihui Xie},
  publisher = {Chapman and Hall/CRC},
  address = {Boca Raton, Florida},
  year = {2015},
  edition = {2nd},
  note = {ISBN 978-1498716963},
  url = {https://yihui.org/knitr/},
}

@InCollection{knitr2014,
  booktitle = {Implementing Reproducible Computational Research},
  editor = {Victoria Stodden and Friedrich Leisch and Roger D. Peng},
  title = {knitr: A Comprehensive Tool for Reproducible Research in {R}},
  author = {Yihui Xie},
  publisher = {Chapman and Hall/CRC},
  year = {2014},
  note = {ISBN 978-1466561595},
  url = {http://www.crcpress.com/product/isbn/9781466561595},
}

@Book{rmarkdown2018,
  title = {R Markdown: The Definitive Guide},
  author = {Yihui Xie and J.J. Allaire and Garrett Grolemund},
  publisher = {Chapman and Hall/CRC},
  address = {Boca Raton, Florida},
  year = {2018},
  note = {ISBN 9781138359338},
  url = {https://bookdown.org/yihui/rmarkdown},
}

@Book{rmarkdown2020,
  title = {R Markdown Cookbook},
  author = {Yihui Xie and Christophe Dervieux and Emily Riederer},
  publisher = {Chapman and Hall/CRC},
  address = {Boca Raton, Florida},
  year = {2020},
  note = {ISBN 9780367563837},
  url = {https://bookdown.org/yihui/rmarkdown-cookbook},
}

